@comment{x-kbibtex-personnameformatting=<%f ><%l><, %s>}

\overfullrule=2cm

@article{adomavicius2005toward,
  title={Toward the next generation of recommender systems: A survey of the state-of-the-art and possible extensions},
  author={Adomavicius, Gediminas and Tuzhilin, Alexander},
  journal={IEEE transactions on knowledge and data engineering},
  volume={17},
  number={6},
  pages={734--749},
  year={2005},
  publisher={IEEE}
}

@incollection{adomavicius2015context,
  title={Context-aware recommender systems},
  author={Adomavicius, Gediminas and Tuzhilin, Alexander},
  booktitle={Recommender systems handbook},
  pages={191--226},
  year={2015},
  publisher={Springer}
}

@article{balabanovic1997fab,
  title={Fab: content-based, collaborative recommendation},
  author={Balabanovi{\'c}, Marko and Shoham, Yoav},
  journal={Communications of the ACM},
  volume={40},
  number={3},
  pages={66--72},
  year={1997},
  publisher={ACM}
}

@inproceedings{bennett2007netflix,
  title={The netflix prize},
  author={Bennett, James and Lanning, Stan and others},
  booktitle={Proceedings of KDD cup and workshop},
  volume={2007},
  pages={35},
  year={2007},
  organization={New York, NY, USA}
}

@inproceedings{breese1998empirical,
  title={Empirical analysis of predictive algorithms for collaborative filtering},
  author={Breese, John S and Heckerman, David and Kadie, Carl},
  booktitle={Proceedings of the Fourteenth conference on Uncertainty in artificial intelligence},
  pages={43--52},
  year={1998},
  organization={Morgan Kaufmann Publishers Inc.}
}

@article{brozovsky2007recommender,
  title={Recommender system for online dating service},
  author={Brozovsky, Lukas and Petricek, Vaclav},
  journal={arXiv preprint cs/0703042},
  year={2007}
}

@article{burke2002hybrid,
  title={Hybrid recommender systems: Survey and experiments},
  author={Burke, Robin},
  journal={User modeling and user-adapted interaction},
  volume={12},
  number={4},
  pages={331--370},
  year={2002},
  publisher={Springer}
}

@article{burke2007hybrid,
  title={Hybrid web recommender systems},
  author={Burke, Robin},
  journal={The adaptive web},
  pages={377--408},
  year={2007},
  publisher={Springer}
}

@inproceedings{claypool1999combining,
  title={Combining content-based and collaborative filters in an online newspaper},
  author={Claypool, Mark and Gokhale, Anuja and Miranda, Tim and Murnikov, Pavel and Netes, Dmitry and Sartin, Matthew},
  booktitle={Proceedings of ACM SIGIR workshop on recommender systems},
  volume={60},
  year={1999},
  organization={Citeseer}
}

@book{coppin2015inteligencia,
  title={Intelig{\^e}ncia artificial},
  author={Coppin, Ben},
  year={2015},
  publisher={Grupo Gen-LTC}
}

@phdthesis{do2013filtragem,
  title={FILTRAGEM COLABORATIVA COMO SERVI{\c{C}}O UTILIZANDO PROCESSAMENTO NA GPU},
  author={do Nascimento, Vinicius Dalto},
  year={2013},
  school={Universidade Federal do Rio de Janeiro}
}

@inproceedings{fan2004gpu,
  title={GPU cluster for high performance computing},
  author={Fan, Zhe and Qiu, Feng and Kaufman, Arie and Yoakum-Stover, Suzanne},
  booktitle={Supercomputing, 2004. Proceedings of the ACM/IEEE SC2004 Conference},
  pages={47--47},
  year={2004},
  organization={IEEE}
}

@article{gavalas2014mobile,
  title={Mobile recommender systems in tourism},
  author={Gavalas, Damianos and Konstantopoulos, Charalampos and Mastakas, Konstantinos and Pantziou, Grammati},
  journal={Journal of Network and Computer Applications},
  volume={39},
  pages={319--333},
  year={2014},
  publisher={Elsevier}
}

@article{gomez2016netflix,
  title={The netflix recommender system: Algorithms, business value, and innovation},
  author={Gomez-Uribe, Carlos A and Hunt, Neil},
  journal={ACM Transactions on Management Information Systems (TMIS)},
  volume={6},
  number={4},
  pages={13},
  year={2016},
  publisher={ACM}
}

@inproceedings{guo2015librec,
  title={LibRec: A Java Library for Recommender Systems.},
  author={Guo, Guibing and Zhang, Jie and Sun, Zhu and Yorke-Smith, Neil},
  booktitle={UMAP Workshops},
  year={2015}
}

@inproceedings{hill1995recommending,
  title={Recommending and evaluating choices in a virtual community of use},
  author={Hill, Will and Stead, Larry and Rosenstein, Mark and Furnas, George},
  booktitle={Proceedings of the SIGCHI conference on Human factors in computing systems},
  pages={194--201},
  year={1995},
  organization={ACM Press/Addison-Wesley Publishing Co.}
}

@inproceedings{huang2002graph,
  title={A graph-based recommender system for digital library},
  author={Huang, Zan and Chung, Wingyan and Ong, Thian-Huat and Chen, Hsinchun},
  booktitle={Proceedings of the 2nd ACM/IEEE-CS joint conference on Digital libraries},
  pages={65--73},
  year={2002},
  organization={ACM}
}

@article{linden2003amazon,
  title={Amazon. com recommendations: Item-to-item collaborative filtering},
  author={Linden, Greg and Smith, Brent and York, Jeremy},
  journal={IEEE Internet computing},
  volume={7},
  number={1},
  pages={76--80},
  year={2003},
  publisher={IEEE}
}

@incollection{lops2011content,
  title={Content-based recommender systems: State of the art and trends},
  author={Lops, Pasquale and De Gemmis, Marco and Semeraro, Giovanni},
  booktitle={Recommender systems handbook},
  pages={73--105},
  year={2011},
  publisher={Springer}
}

@inproceedings{luebke2008cuda,
  title={CUDA: Scalable parallel programming for high-performance scientific computing},
  author={Luebke, David},
  booktitle={Biomedical Imaging: From Nano to Macro, 2008. ISBI 2008. 5th IEEE International Symposium on},
  pages={836--838},
  year={2008},
  organization={IEEE}
}

@inproceedings{mcnee2006being,
  title={Being accurate is not enough: how accuracy metrics have hurt recommender systems},
  author={McNee, Sean M and Riedl, John and Konstan, Joseph A},
  booktitle={CHI'06 extended abstracts on Human factors in computing systems},
  pages={1097--1101},
  year={2006},
  organization={ACM}
}

@article{mladenic1999text,
  title={Text-learning and related intelligent agents: a survey},
  author={Mladenic, Dunja},
  journal={IEEE intelligent systems and their applications},
  volume={14},
  number={4},
  pages={44--54},
  year={1999},
  publisher={IEEE}
}

@article{nickolls2010gpu,
  title={The GPU computing era},
  author={Nickolls, John and Dally, William J},
  journal={IEEE micro},
  volume={30},
  number={2},
  year={2010},
  publisher={IEEE}
}

@article{owens2008gpu,
  title={GPU computing},
  author={Owens, John D and Houston, Mike and Luebke, David and Green, Simon and Stone, John E and Phillips, James C},
  journal={Proceedings of the IEEE},
  volume={96},
  number={5},
  pages={879--899},
  year={2008},
  publisher={IEEE}
}

@inproceedings{pang2002thumbs,
  title={Thumbs up?: sentiment classification using machine learning techniques},
  author={Pang, Bo and Lee, Lillian and Vaithyanathan, Shivakumar},
  booktitle={Proceedings of the ACL-02 conference on Empirical methods in natural language processing-Volume 10},
  pages={79--86},
  year={2002},
  organization={Association for Computational Linguistics}
}

@article{pazzani2007content,
  title={Content-based recommendation systems},
  author={Pazzani, Michael and Billsus, Daniel},
  journal={The adaptive web},
  pages={325--341},
  year={2007},
  publisher={Springer}
}

@article{resnick1997recommender,
  title={Recommender systems},
  author={Resnick, Paul and Varian, Hal R},
  journal={Communications of the ACM},
  volume={40},
  number={3},
  pages={56--58},
  year={1997},
  publisher={ACM}
}

@book{ricci2011introduction,
  title={Introduction to recommender systems handbook},
  author={Ricci, Francesco and Rokach, Lior and Shapira, Bracha},
  year={2011},
  publisher={Springer}
}

@book{russell2004inteligencia,
  title={Intelig{\^e}ncia artificial},
  author={Russell, Stuart and Norvig, Peter},
  year={2004},
  publisher={Elsevier}
}

@inproceedings{sarwar2001item,
  title={Item-based collaborative filtering recommendation algorithms},
  author={Sarwar, Badrul and Karypis, George and Konstan, Joseph and Riedl, John},
  booktitle={Proceedings of the 10th international conference on World Wide Web},
  pages={285--295},
  year={2001},
  organization={ACM}
}

@inproceedings{schafer1999recommender,
  title={Recommender systems in e-commerce},
  author={Schafer, J Ben and Konstan, Joseph and Riedl, John},
  booktitle={Proceedings of the 1st ACM conference on Electronic commerce},
  pages={158--166},
  year={1999},
  organization={ACM}
}

@incollection{schafer2001commerce,
  title={E-commerce recommendation applications},
  author={Schafer, J Ben and Konstan, Joseph A and Riedl, John},
  booktitle={Applications of Data Mining to Electronic Commerce},
  pages={115--153},
  year={2001},
  publisher={Springer}
}

@article{schafer2007collaborative,
  title={Collaborative filtering recommender systems},
  author={Schafer, JHJB and Frankowski, Dan and Herlocker, Jon and Sen, Shilad},
  journal={The adaptive web},
  pages={291--324},
  year={2007},
  publisher={Springer}
}

@article{sebastiani2002machine,
  title={Machine learning in automated text categorization},
  author={Sebastiani, Fabrizio},
  journal={ACM computing surveys (CSUR)},
  volume={34},
  number={1},
  pages={1--47},
  year={2002},
  publisher={ACM}
}

@inproceedings{tran2000hybrid,
  title={Hybrid recommender systems for electronic commerce},
  author={Tran, Thomas and Cohen, Robin},
  booktitle={Proc. Knowledge-Based Electronic Markets, Papers from the AAAI Workshop, Technical Report WS-00-04, AAAI Press},
  year={2000}
}

@incollection{carbonell1983overview,
  title={An overview of machine learning},
  author={Carbonell, Jaime G and Michalski, Ryszard S and Mitchell, Tom M},
  booktitle={Machine learning},
  pages={3--23},
  year={1983},
  publisher={Springer}
}

@techreport{fielding1999hypertext,
  title={Hypertext transfer protocol--HTTP/1.1},
  author={Fielding, Roy and Gettys, Jim and Mogul, Jeffrey and Frystyk, Henrik and Masinter, Larry and Leach, Paul and Berners-Lee, Tim},
  year={1999}
}

@article{rodriguez2008restful,
  title={Restful web services: The basics},
  author={Rodriguez, Alex},
  journal={IBM developerWorks},
  year={2008}
}

@article{crockford2006application,
  title={The application/json media type for javascript object notation (json)},
  author={Crockford, Douglas},
  year={2006}
}

@article{leavitt2010will,
  title={Will NoSQL databases live up to their promise?},
  author={Leavitt, Neal},
  journal={Computer},
  volume={43},
  number={2},
  year={2010},
  publisher={IEEE}
}

@article{padhy2011rdbms,
  title={RDBMS to NoSQL: Reviewing some next-generation non-relational databases},
  author={Padhy, Rabi Prasad and Patra, Manas Ranjan and Satapathy, Suresh Chandra},
  journal={International Journal of Advanced Engineering Science and Technologies},
  volume={11},
  number={1},
  pages={15--30},
  year={2011}
}

@book{leskovec2014mining,
  title={Mining of massive datasets},
  author={Leskovec, Jure and Rajaraman, Anand and Ullman, Jeffrey David},
  year={2014},
  publisher={Cambridge university press}
}

@article{harper2016movielens,
  title={The movielens datasets: History and context},
  author={Harper, F Maxwell and Konstan, Joseph A},
  journal={ACM Transactions on Interactive Intelligent Systems (TiiS)},
  volume={5},
  number={4},
  pages={19},
  year={2016},
  publisher={ACM}
}